
@book{henrard,
    author        = {Marc Henrard},
    title         = {Interest Rate Modelling in the Multi-curve Framework},
    subtitle      = {Foundations, Evolution and Implementation},    
    year          = {2014},
    publisher     = {PALGRAVE MACMILLAN}
}

@article{ametrano-bianchetti-1,
    author        = {Ferdinando M. Ametrano and Marco Bianchetti},
    title         = {Bootstrapping the Illiquidity: Multiple Yield Curves Construction for Market Coherent Forward Rates Estimation},
    year          = {2009},
    publisher     = {SSRN}
}

@article{ametrano-bianchetti-2,
    author        = {Ferdinando M. Ametrano and Marco Bianchetti},
    title         = {Everything You Always Wanted to Know About Multiple Interest Rate Curve Bootstrapping but Were Afraid to Ask},
    year          = {2013},
    publisher     = {SSRN}
}

@article{piterbarg,
    author        = {Leif B.G. Andersen and Vladimir V. Piterbarg},
    title         = {Interest Rate Modeling},
    year          = {2010},
    publisher     = {Atlantic Financial Press}
}

@article{mercurio,
    author        = {Damiano Brigo and Fabio Mercurio},
    title         = {Interest-Rate Models - Theory and Practice},
    year          = {2006},
    publisher     = {Springer}
}

@article{ametrano-mazzocchi,
    author        = {Ferdinando M. Ametrano and Paolo Mazzocchi},
    title         = {EONIA Jumps and Proper Euribor Forwarding},
    year          = {2014},
}

@article{ametrano-bertocchi,
    author        = {Ferdinando M. Ametrano and Nicholas Bertocchi and Paolo Mazzocchi},
    title         = {Advanced EONIA Curve Calibration},
    year          = {2016},
    publisher     = {SSRN}
}

@article{schlenkrich-miemiec,
    author        = {Sebastian Schlenkrich and Andr\'e Miemiec},
    title         = {Choosing the Right Spread},
    year          = {2014},
    publisher     = {SSRN}
}

@article{rebonato,
    author        = {Riccardo Rebonato},
    title         = {Volatility and Correlation: The Perfect Hedger and the Fox},
    year          = {2004},
    publisher     = {Wiley}
}

@article{hagan,
    author        = {Patrick S. Hagan and Graeme West},
    title         = {Interpolation methods for curve construction},
    year          = {2006},
    publisher     = {Applied Mathematical Finance}
}

@article{burghardt,
    author        = {Galen Burghardt and Susan Kirshner},
    title         = {One Good Turn},
    year          = {2002},
    journal       = {CME Interest Rate Products Advanced Topics},
    publisher     = {Chicago Mercatile Exchange}
}

@article{andreasen,
    author        = {Andreasen},
    title         = {},
    year          = {},
}

@article{QuantLib,    
    author        = {QuantLib},
    title         = {http://quantlib.org},
}

